@inproceedings{
merity2018regularizing,
title={Regularizing and Optimizing {LSTM} Language Models},
author={Stephen Merity and Nitish Shirish Keskar and Richard Socher},
booktitle={International Conference on Learning Representations},
year={2018},
url={https://openreview.net/forum?id=SyyGPP0TZ},
}

@inproceedings{
melis2018on,
title={On the State of the Art of Evaluation in Neural Language Models},
author={GÃ¡bor Melis and Chris Dyer and Phil Blunsom},
booktitle={International Conference on Learning Representations},
year={2018},
url={https://openreview.net/forum?id=ByJHuTgA-},
}

@inproceedings{peters2018deep,
  title={Deep {C}ontextualized {W}ord {R}epresentations},
  author={Peters, Matthew and Neumann, Mark and Iyyer, Mohit and Gardner, Matt and Clark, Christopher and Lee, Kenton and Zettlemoyer, Luke},
  booktitle={Proceedings of the 2018 Conference of the North American Chapter of the Association for Computational Linguistics: Human Language Technologies, Volume 1 (Long Papers)},
  volume={1},
  pages={2227--2237},
  year={2018},
  url={https://aclweb.org/anthology/N18-1202}
}

@article{devlin2018bert,
  title={{BERT}: {P}re-{T}raining of {D}eep {B}idirectional {T}ransformers for {L}anguage {U}nderstanding},
  author={Devlin, Jacob and Chang, Ming-Wei and Lee, Kenton and Toutanova, Kristina},
  journal={arXiv preprint arXiv:1810.04805},
  year={2018}
}

@article{jozefowicz2016exploring,
  title={Exploring the {L}imits of {L}anguage {M}odeling},
  author={Jozefowicz, Rafal and Vinyals, Oriol and Schuster, Mike and Shazeer, Noam and Wu, Yonghui},
  journal={arXiv preprint arXiv:1602.02410},
  year={2016},
  url= {"https://arxiv.org/pdf/1602.02410.pdf"}
}

@inproceedings{grave2017efficient,
  title={Efficient {S}oftmax {A}pproximation for {G}{P}{U}s},
  author={Grave, Edouard and Joulin, Armand and Ciss{\'e}, Moustapha and J{\'e}gou, Herv{\'e} and others},
  booktitle={Proceedings of the 34th International Conference on Machine Learning-Volume 70},
  pages={1302--1310},
  year={2017},
  organization={JMLR. org}
}

@inproceedings{Mikolov:2010aa,
	Author = {Mikolov, Tom{\'a}{\v s} and Karafi{\'a}t, Martin and Burget, Luk{\'a}{\v s} and {\v C}ernock{\'y}, Jan and Khudanpur, Sanjeev},
	Booktitle = {INTERSPEECH-2010},
	Date-Added = {2019-05-19 22:05:41 -0700},
	Date-Modified = {2019-05-19 22:06:14 -0700},
	Pages = {1045--1048},
	Title = {Recurrent neural network based language model},
	Year = {2010}
}

@inproceedings{sutskever2011generating,
  title={Generating {T}ext with {R}ecurrent {N}eural {N}etworks},
  author={Sutskever, Ilya and Martens, James and Hinton, Geoffrey E},
  booktitle={Proceedings of the 28th International Conference on Machine Learning (ICML-11)},
  pages={1017--1024},
  year={2011}
}

@article{Schwenk:2007aa,
	Acmid = {1230409},
	Address = {London, UK, UK},
	Author = {Schwenk, Holger},
	Date-Added = {2019-05-21 13:22:14 -0700},
	Date-Modified = {2019-05-21 13:22:19 -0700},
	Doi = {10.1016/j.csl.2006.09.003},
	Issn = {0885-2308},
	Issue_Date = {July, 2007},
	Journal = {Comput. Speech Lang.},
	Month = jul,
	Number = {3},
	Numpages = {27},
	Pages = {492--518},
	Publisher = {Academic Press Ltd.},
	Title = {Continuous Space Language Models},
	Url = {http://dx.doi.org/10.1016/j.csl.2006.09.003},
	Volume = {21},
	Year = {2007},
}

@inproceedings{schwenk2014efficient,
  title={Efficient training strategies for deep neural network language models},
  author={Schwenk, Holger and Bougares, Fethi and Barrault, Loic},
  booktitle={NIPS workshop on Deep Learning and Representation Learning},
  year={2014}
}

@inproceedings{shah2015investigating,
  title={Investigating {C}ontinuous {S}pace {L}anguage {M}odels for {M}achine {T}ranslation {Q}uality {E}stimation},
  author={Shah, Kashif and Ng, Raymond WM and Bougares, Fethi and Specia, Lucia},
  booktitle={Proceedings of the 2015 Conference on Empirical Methods in Natural Language Processing},
  pages={1073--1078},
  year={2015},
  url={https://www.aclweb.org/anthology/D15-1125}
}

@inproceedings{Morin:2005aa,
	Author = {Frederic Morin and Yoshua Bengio},
	Booktitle = {Proceedings of the International Workshop on Artificial Intelligence and Statistics},
	Date-Added = {2019-05-19 18:53:36 -0700},
	Date-Modified = {2019-05-19 18:55:01 -0700},
	Pages = {246--252},
	Title = {Hierarchical {P}robabilistic {N}eural {N}etwork {L}anguage {M}odel},
	Year = {2005}
}

@InProceedings{Mnih:2012,
  author =    {Andriy Mnih and Yee Whye Teh},
  title =     {A fast and simple algorithm for training neural probabilistic language models},
  booktitle = {Proceedings of the 29th International Conference on Machine Learning (ICML-12)},
  series =    {ICML '12},
  year =      {2012},
  editor =    {John Langford and Joelle Pineau},
  location =  {Edinburgh, Scotland, GB},
  isbn =      {978-1-4503-1285-1},
  month =     {July},
  publisher = {Omnipress},
  address =   {New York, NY, USA},
  pages=      {1751--1758},
}

@InProceedings{gutmann10a,
  title = 	 {Noise-contrastive estimation: A new estimation principle for unnormalized statistical models},
  author = 	 {Michael Gutmann and Aapo Hyv{\"a}rinen},
  booktitle = 	 {Proceedings of the Thirteenth International Conference on Artificial Intelligence and Statistics},
  pages = 	 {297--304},
  year = 	 {2010},
  editor = 	 {Yee Whye Teh and Mike Titterington},
  volume = 	 {9},
  series = 	 {Proceedings of Machine Learning Research},
  address = 	 {Chia Laguna Resort, Sardinia, Italy},
  month = 	 {13--15 May},
  publisher = 	 {PMLR},
  pdf = 	 {http://proceedings.mlr.press/v9/gutmann10a/gutmann10a.pdf},
  url = 	 {http://proceedings.mlr.press/v9/gutmann10a.html}
}

@inproceedings{zoph2016simple,
  title={Simple, {F}ast {N}oise-{C}ontrastive {E}stimation for {L}arge {RNN} {V}ocabularies},
  author={Zoph, Barret and Vaswani, Ashish and May, Jonathan and Knight, Kevin},
  booktitle={Proceedings of the 2016 Conference of the North American Chapter of the Association for Computational Linguistics: Human Language Technologies},
  pages={1217--1222},
  year={2016},
  url={"https://www.aclweb.org/anthology/N16-1145"}
}


@inproceedings{Mikolov:2011aa,
	Author = {T. {Mikolov} and S. {Kombrink} and L. {Burget} and J. {{\v C}ernock{\'y}} and S. {Khudanpur}},
	Booktitle = {2011 IEEE International Conference on Acoustics, Speech and Signal Processing (ICASSP)},
	Date-Added = {2019-05-21 13:23:25 -0700},
	Date-Modified = {2019-05-21 13:23:28 -0700},
	Doi = {10.1109/ICASSP.2011.5947611},
	Issn = {2379-190X},
	Keywords = {backpropagation;computational complexity;feedforward neural nets;natural language processing;recurrent neural nets;recurrent neural network language model;competitive language modeling techniques;computational complexity;backpropagation;feedforward network;Recurrent neural networks;Artificial neural networks;Training;Computational modeling;Vocabulary;Backpropagation;Probability distribution;language modeling;recurrent neural networks;speech recognition},
	Month = {May},
	Pages = {5528-5531},
	Title = {Extensions of recurrent neural network language model},
	Year = {2011},
	Bdsk-Url-1 = {https://doi.org/10.1109/ICASSP.2011.5947611}
}

@inproceedings{mnih2009scalable,
  title={A {S}calable {H}ierarchical {D}istributed {L}anguage {M}odel},
  author={Mnih, Andriy and Hinton, Geoffrey E},
  booktitle={Advances in neural information processing systems},
  pages={1081--1088},
  year={2009}
}

@article{Higginbotham:2012aa,
	Abstract = {ABSTRACT Significant progress has been made in the application of natural language processing (NLP) to augmentative and alternative communication (AAC), particularly in the areas of interface design and word prediction. This article will survey the current state-of-the-science of NLP in AAC and discuss its future applications for the development of next generation of AAC technology.},
	Author = {Higginbotham, Jeffery and Lesher, Gregory W and Moulton, Bryan J and Roark, Brian},
	Date-Added = {2019-05-19 21:09:46 -0700},
	Date-Modified = {2019-05-19 21:09:56 -0700},
	Doi = {10.1080/10400435.2011.648714},
	Journal = {Assistive Technology},
	Language = {English},
	Number = {1},
	Pages = {14--24},
	Publisher = {Taylor {\&} Francis},
	Rating = {0},
	Title = {{The Application of Natural Language Processing to Augmentative and Alternative Communication}},
	Url = {https://doi.org/10.1080/10400435.2011.648714},
	Volume = {24},
	Year = {2012},
}

@article{Fager:2019aa,
	Author = {Susan Koch Fager and Melanie Fried-Oken and Tom Jakobs and David R. Beukelman},
	Date-Modified = {2019-05-19 21:12:40 -0700},
	Doi = {10.1080/07434618.2018.1556730},
	Eprint = {https://doi.org/10.1080/07434618.2018.1556730},
	Journal = {Augmentative and Alternative Communication},
	Note = {PMID: 30663899},
	Number = {1},
	Pages = {13-25},
	Publisher = {Taylor & Francis},
	Title = {New and emerging access technologies for adults with complex communication needs and severe motor impairments: State of the science},
	Url = {https://doi.org/10.1080/07434618.2018.1556730},
	Volume = {35},
	Year = {2019},
	Bdsk-Url-1 = {https://doi.org/10.1080/07434618.2018.1556730}
}

@inproceedings{Turian:2010aa,
	Address = {Uppsala, Sweden},
	Author = {Turian, Joseph and Ratinov, Lev-Arie and Bengio, Yoshua},
	Booktitle = {Proceedings of the 48th Annual Meeting of the Association for Computational Linguistics},
	Date-Added = {2019-05-19 22:29:25 -0700},
	Date-Modified = {2019-05-19 22:29:26 -0700},
	Month = jul,
	Pages = {384--394},
	Publisher = {Association for Computational Linguistics},
	Title = {Word Representations: A Simple and General Method for Semi-Supervised Learning},
	Url = {https://www.aclweb.org/anthology/P10-1040},
	Year = {2010},
	Bdsk-Url-1 = {https://www.aclweb.org/anthology/P10-1040}
}

@inproceedings{mikolov2013distributed,
  title={Distributed {R}epresentations of {W}ords and {P}hrases and their {C}ompositionality},
  author={Mikolov, Tomas and Sutskever, Ilya and Chen, Kai and Corrado, Greg S and Dean, Jeff},
  booktitle={Advances in neural information processing systems},
  pages={3111--3119},
  year={2013},
  url={"https://papers.nips.cc/paper/5021-distributed-representations-of-words-and-phrases-and-their-compositionality.pdf"}
}

@inproceedings{kumar2018mises,
  title={Von {M}ises-{F}isher {L}oss for {T}raining {S}equence to {S}equence {M}odels with {C}ontinuous {O}utputs},
  author={Kumar, Sachin and Tsvetkov, Yulia},
  booktitle={International Conference on Learning Representations},
  year={2019},
  url={https://openreview.net/pdf?id=rJlDnoA5Y7}
}


@inproceedings{press2017language,
  title={Language {G}eneration with {R}ecurrent {G}enerative {A}dversarial {N}etworks without {P}re-{T}raining},
  author={Press, Ofir and Bar, Amir and Bogin, Ben and Berant, Jonathan and Wolf, Lior},
  booktitle={Proceedings of the First Workshop on Learning to Generate Natural Language},
  year={2017},
  address={Sydney, Australia},
}

@inproceedings{yang2017improving,
    title = "Improving {N}eural {M}achine {T}ranslation with {C}onditional {S}equence {G}enerative {A}dversarial {N}ets",
    author = "Yang, Zhen  and
      Chen, Wei  and
      Wang, Feng  and
      Xu, Bo",
    booktitle = "Proceedings of the 2018 Conference of the North {A}merican Chapter of the Association for Computational Linguistics: Human Language Technologies, Volume 1 (Long Papers)",
    month = jun,
    year = "2018",
    address = "New Orleans, Louisiana",
    publisher = "Association for Computational Linguistics",
    url = "https://www.aclweb.org/anthology/N18-1122",
    doi = "10.18653/v1/N18-1122",
    pages = "1346--1355",
}

@inproceedings{subramanian,
    title = "Adversarial Generation of Natural Language",
    author = "Subramanian, Sandeep  and
      Rajeswar, Sai  and
      Dutil, Francis  and
      Pal, Chris  and
      Courville, Aaron",
    booktitle = "Proceedings of the 2nd Workshop on Representation Learning for {NLP}",
    month = aug,
    year = "2017",
    address = "Vancouver, Canada",
    publisher = "Association for Computational Linguistics",
    url = "https://www.aclweb.org/anthology/W17-2629",
    doi = "10.18653/v1/W17-2629",
    pages = "241--251",
}

@article{mirza2014conditional,
  title={Conditional {G}enerative {A}dversarial {N}ets},
  author={Mirza, Mehdi and Osindero, Simon},
  journal={arXiv preprint arXiv:1411.1784},
  year={2014}
}

@inproceedings{yu2017seqgan,
	author = {Lantao Yu and Weinan Zhang and Jun Wang and Yong Yu},
	title = {SeqGAN: Sequence Generative Adversarial Nets with Policy Gradient},
	conference = {AAAI Conference on Artificial Intelligence},
  pages = {2852--2858},
	year = {2017},
	keywords = {Generative Adversarial Nets; Deep Learning; Unsupervised Learning; Reinforcement Learning;},
	url = {https://www.aaai.org/ocs/index.php/AAAI/AAAI17/paper/view/14344/14489}
}

@inproceedings{pennington2014glove,
  title={Glove: {G}lobal {V}ectors for {W}ord {R}epresentation},
  author={Pennington, Jeffrey and Socher, Richard and Manning, Christopher},
  booktitle={Proceedings of the 2014 {C}onference on {E}mpirical {M}ethods in {N}atural {L}anguage {P}rocessing ({E}{M}{N}{L}{P})},
  pages={1532--1543},
  year={2014},
  url={"https://www.aclweb.org/anthology/D14-1162"}
}

@article{ferraro2018english,
  title={Concretely {A}nnotated {E}nglish {G}igaword},
  author={Ferraro, Francis and Thomas, Max and Gormley,Matthew R., Wolfe, Travis and Harman, Craig and  Van Durme, Benjamin},
  journal={{L}inguistic {D}ata {C}onsortium, {P}hiladelphia},
  volume={4},
  pages={1},
  year={2018},
  url={https://catalog.ldc.upenn.edu/LDC2018T20}
}

@webpage{Bernhardsson:2018aa,
	Author = {Erik Bernhardsson},
	Date-Added = {2019-05-21 17:20:48 -0700},
	Date-Modified = {2019-05-21 17:22:05 -0700},
	Title = {Annoy},
	Url = {https://github.com/spotify/annoy},
	Year = {2018}
}

@inproceedings{beck2010report,
  title={Report {F}rom the {F}ield: {P}ub{M}ed {C}entral, an {XML}-{B}ased {A}rchive of {L}ife {S}ciences {J}ournal {A}rticles},
  author={Beck, Jeff},
  booktitle={International Symposium on XML for the Long Haul: Issues in the Long-term Preservation of XML, Montr{\'e}al, Canada},
  year={2010}
}

@inproceedings{rehurek_lrec,
      title = {{Software {F}ramework for {T}opic {M}odelling with {L}arge {C}orpora}},
      author = {Radim {\v R}eh{\r u}{\v r}ek and Petr Sojka},
      booktitle = {{Proceedings of the LREC 2010 Workshop on New
           Challenges for NLP Frameworks}},
      pages = {45--50},
      year = 2010,
      month = May,
      day = 22,
      publisher = {ELRA},
      address = {Valletta, Malta},
      note={\url{http://is.muni.cz/publication/884893/en}},
      language={English}
}

@article{zafrir2019q8bert,
  title={Q8bert: {Q}uantized 8bit {B}ert},
  author={Zafrir, Ofir and Boudoukh, Guy and Izsak, Peter and Wasserblat, Moshe},
  journal={arXiv preprint arXiv:1910.06188},
  year={2019}
}

@article{schwartz2019green,
  title={Green ai},
  author={Schwartz, Roy and Dodge, Jesse and Smith, Noah A and Etzioni, Oren},
  journal={arXiv preprint arXiv:1907.10597},
  year={2019}
}

@article{li2019efficient,
  title={Efficient {C}ontextual {R}epresentation {L}earning With {C}ontinuous {O}utputs},
  author={Li, Liunian Harold and Chen, Patrick H and Hsieh, Cho-Jui and Chang, Kai-Wei},
  journal={Transactions of the Association for Computational Linguistics},
  volume={7},
  pages={611--624},
  year={2019},
  publisher={MIT Press}
}

@inproceedings{pinter2017mimicking,
  title={Mimicking {W}ord {E}mbeddings using {S}ubword {R}{N}{N}s},
  author={Pinter, Yuval and Guthrie, Robert and Eisenstein, Jacob},
  booktitle={Proceedings of the 2017 Conference on Empirical Methods in Natural Language Processing},
  pages={102--112},
  year={2017}
}

@inproceedings{jean2015using,
  title={On {U}sing {V}ery {L}arge {T}arget {V}ocabulary for {N}eural {M}achine {T}ranslation},
  author={Jean, S{\'e}bastien and Cho, Kyunghyun and Memisevic, Roland and Bengio, Yoshua},
  booktitle={Proceedings of the 53rd Annual Meeting of the Association for Computational Linguistics and the 7th International Joint Conference on Natural Language Processing (Volume 1: Long Papers)},
  pages={1--10},
  year={2015}
}

@inproceedings{pilehvar2018card,
  title={Card-660: {C}ambridge {R}are {W}ord {D}ataset-a Reliable Benchmark for Infrequent Word Representation Models},
  author={Pilehvar, Mohammad Taher and Kartsaklis, Dimitri and Prokhorov, Victor and Collier, Nigel},
  booktitle={Proceedings of the 2018 Conference on Empirical Methods in Natural Language Processing},
  pages={1391--1401},
  year={2018}
}

@inproceedings{czarnowska2019don,
  title={{D}onât {F}orget the {L}ong {T}ail! A {C}omprehensive {A}nalysis of {M}orphological {G}eneralization in {B}ilingual {L}exicon {I}nduction},
  author={Czarnowska, Paula and Ruder, Sebastian and Grave, {\'E}douard and Cotterell, Ryan and Copestake, Ann},
  booktitle={Proceedings of the 2019 Conference on Empirical Methods in Natural Language Processing and the 9th International Joint Conference on Natural Language Processing (EMNLP-IJCNLP)},
  pages={973--982},
  year={2019}
}

@article{bojanowski2017enriching,
  title={Enriching {W}ord {V}ectors with {S}ubword {I}nformation},
  author={Bojanowski, Piotr and Grave, Edouard and Joulin, Armand and Mikolov, Tomas},
  journal={Transactions of the Association for Computational Linguistics},
  volume={5},
  number={1},
  pages={135--146},
  year={2017}
}

@inproceedings{schick2019attentive,
  title={Attentive {M}imicking: {B}etter {W}ord {E}mbeddings by {A}ttending to {I}nformative {C}ontexts},
  author={Schick, Timo and Sch{\"u}tze, Hinrich},
  booktitle={Proceedings of the 2019 Conference of the North American Chapter of the Association for Computational Linguistics: Human Language Technologies, Volume 1 (Long and Short Papers)},
  pages={489--494},
  year={2019}
}

@article{schick2019rare,
  title={Rare {W}ords: A {M}ajor {P}roblem for {C}ontextualized {E}mbeddings {A}nd {H}ow to {F}ix it by {A}ttentive {M}imicking},
  author={Schick, Timo and Sch{\"u}tze, Hinrich},
  journal={arXiv preprint arXiv:1904.06707},
  year={2019}
}

@inproceedings{sennrich2016neural,
  title={Neural {M}achine {T}ranslation of {R}are {W}ords with {S}ubword {U}nits},
  author={Sennrich, Rico and Haddow, Barry and Birch, Alexandra},
  booktitle={Proceedings of the 54th Annual Meeting of the Association for Computational Linguistics (Volume 1: Long Papers)},
  pages={1715--1725},
  year={2016}
}

@incollection{Gong2018aa,
	Author = {Gong, Chengyue and He, Di and Tan, Xu and Qin, Tao and Wang, Liwei and Liu, Tie-Yan},
	Booktitle = {Advances in Neural Information Processing Systems 31},
	Date-Modified = {2019-05-21 10:30:46 -0700},
	Editor = {S. Bengio and H. Wallach and H. Larochelle and K. Grauman and N. Cesa-Bianchi and R. Garnett},
	Pages = {1334--1345},
	Publisher = {Curran Associates, Inc.},
	title={{FRAGE}: {F}requency-{A}gnostic {W}ord {R}epresentation},
	Url = {http://papers.nips.cc/paper/7408-frage-frequency-agnostic-word-representation.pdf},
	Year = {2018},
	}
	
	
@inproceedings{levy2014dependency,
  title={Dependency-based word embeddings},
  author={Levy, Omer and Goldberg, Yoav},
  booktitle={Proceedings of the 52nd Annual Meeting of the Association for Computational Linguistics (Volume 2: Short Papers)},
  volume={2},
  pages={302--308},
  year={2014},
  url={https://www.aclweb.org/anthology/P14-2050}
}

@book{ramachandran2014mathematical,
  title={Mathematical {S}tatistics with {A}pplications in {R}},
  author={Ramachandran, Kandethody M and Tsokos, Chris P},
  year={2014},
  publisher={Elsevier}
}

@article{elman1990finding,
  title={Finding {S}tructure in {T}ime},
  author={Elman, Jeffrey L},
  journal={Cognitive science},
  volume={14},
  number={2},
  pages={179--211},
  year={1990},
  publisher={Wiley Online Library}
}

@incollection{jordan1997serial,
  title={Serial {O}rder: A {P}arallel {D}istributed {P}rocessing {A}pproach},
  author={Jordan, Michael I},
  booktitle={Advances in psychology},
  volume={121},
  pages={471--495},
  year={1997},
  publisher={Elsevier}
}

@article{mikolov2012subword,
  title={Subword {L}anguage {M}odeling with {N}eural {N}etworks},
  author={Mikolov, Tom{\'a}{\v{s}} and Sutskever, Ilya and Deoras, Anoop and Le, Hai-Son and Kombrink, Stefan and Cernocky, Jan},
  journal={preprint (http://www. fit. vutbr. cz/imikolov/rnnlm/char. pdf)},
  volume={8},
  year={2012}
}

@article{koehn2017six,
  title={Six {C}hallenges for {N}eural {M}achine {T}ranslation},
  author={Koehn, Philipp and Knowles, Rebecca},
  journal={ACL 2017},
  pages={28},
  year={2017}
}

@inproceedings{dudy2018compositional,
  title={Compositional {L}anguage {M}odeling for {I}con-{B}ased {A}ugmentative and {A}lternative {C}ommunication},
  author={Dudy, Shiran and Bedrick, Steven},
  booktitle={Proceedings of the Workshop on Deep Learning Approaches for Low-Resource NLP},
  pages={25--32},
  year={2018},
  url={"https://www.aclweb.org/anthology/W18-3404"}
}

@article{Bengio2003,
  author    = {Yoshua Bengio and
               R{\'{e}}jean Ducharme and
               Pascal Vincent and
               Christian Janvin},
  title     = {A Neural Probabilistic Language Model},
  journal   = {Journal of Machine Learning Research},
  volume    = {3},
  pages     = {1137--1155},
  year      = {2003},
  url       = {http://jmlr.org/papers/v3/bengio03a.html},
  timestamp = {Wed, 10 Jul 2019 15:28:33 +0200},
  biburl    = {https://dblp.org/rec/bib/journals/jmlr/BengioDVJ03},
  bibsource = {dblp computer science bibliography, https://dblp.org}
}

@inproceedings{Neumann2019ScispaCyFA,
  title={ScispaCy: Fast and Robust Models for Biomedical Natural Language Processing},
  author={Mark Neumann and Daniel King and Iz Beltagy and Waleed Ammar},
  year={2019},
  Eprint={arXiv:1902.07669}
}

@article{goldberg2019assessing,
  title={Assessing {BERT}'s {S}yntactic {A}bilities},
  author={Goldberg, Yoav},
  journal={arXiv preprint arXiv:1901.05287},
  year={2019}
}

@article{linzen2016assessing,
  title={Assessing the {A}bility of {LSTM}s to learn syntax-sensitive dependencies},
  author={Linzen, Tal and Dupoux, Emmanuel and Goldberg, Yoav},
  journal={Transactions of the Association for Computational Linguistics},
  volume={4},
  pages={521--535},
  year={2016},
  publisher={MIT Press}
}